@article{d3js,
 author = {Bostock, Michael and Ogievetsky, Vadim and Heer, Jeffrey},
 title = {D3 Data-Driven Documents},
 journal = {IEEE Transactions on Visualization and Computer Graphics},
 issue_date = {December 2011},
 volume = {17},
 number = {12},
 month = dec,
 year = {2011},
 issn = {1077-2626},
 pages = {2301--2309},
 numpages = {9}, 
 publisher = {IEEE Educational Activities Department},
 address = {Piscataway, NJ, USA}, 
} 

@article{Meyer2009,
 author = {Meyer, Miriah and Munzner, Tamara and Pfister, Hanspeter},
 title = {MizBee: A Multiscale Synteny Browser},
 journal = {IEEE Transactions on Visualization and Computer Graphics},
 issue_date = {November 2009},
 volume = {15},
 number = {6},
 month = nov,
 year = {2009},
 issn = {1077-2626},
 pages = {897--904},
 numpages = {8},
 url = {https://doi.org/10.1109/TVCG.2009.167},
 doi = {10.1109/TVCG.2009.167},
 acmid = {1639173},
 publisher = {IEEE Educational Activities Department},
 address = {Piscataway, NJ, USA},
 keywords = {Information visualization, bioinformatics, design study, synteny.},
} 

@INPROCEEDINGS{Shneiderman96theeyes,
    author = {Ben Shneiderman},
    title = {The eyes have it: A task by data type taxonomy for information visualizations},
    booktitle = {IN IEEE SYMPOSIUM ON VISUAL LANGUAGES},
    year = {1996},
    pages = {336--343},
    publisher = {}
}

@misc{colorbrewer,
  author = {Cynthia Brewer}, 
  howpublished={\url{www.colorbrewer2.org}},
  note = {Accessed: Sept. 2019}, 
}
